<?xml version="1.0" encoding="utf-8"?>
<record xmlns="http://www.loc.gov/MARC21/slim" xmlns:xsi="http://www.w3.org/2001/XMLSchema-instance" xsi:schemaLocation="http://www.loc.gov/MARC21/slim http://www.loc.gov/standards/marcxml/schema/MARC21slim.xsd">
	<leader>     nam a22     Mi 4500</leader>
	<controlfield tag="001">1035665</controlfield>
	<controlfield tag="003">NjP</controlfield>
	<controlfield tag="006">m        d        </controlfield>
	<controlfield tag="007">cr cn |||m|||a</controlfield>
	<controlfield tag="008">180326s1989    ir      ob    100 0 ara d</controlfield>
	<datafield ind1="7" ind2=" " tag="024">
		<subfield code="a">princeton_aco001091</subfield>
		<subfield code="2">local</subfield>
	</datafield>
	<datafield ind1=" " ind2=" " tag="040">
		<subfield code="a">ZYU</subfield>
		<subfield code="b">eng</subfield>
		<subfield code="c">ZYU</subfield>
	</datafield>
	<datafield ind1=" " ind2=" " tag="079">
		<subfield code="a">ocm34301798</subfield>
	</datafield>
	<datafield ind1="2" ind2=" " tag="111">
		<subfield code="a">Research Assembly on the Islamic Economy</subfield>
		<subfield code="n">(1st :</subfield>
		<subfield code="d">1989 :</subfield>
		<subfield code="c">Mashhad, Iran)</subfield>
	</datafield>
	<datafield ind1="1" ind2="0" tag="245">
		<subfield code="6">880-01</subfield>
		<subfield code="a">Majmūʻat al-abḥāth wa-al-maqālāt al-ʻArabīyah wa-al-Injilīzīyah</subfield>
		<subfield code="h">[electronic resource] /</subfield>
		<subfield code="c">iʻdād Ṣabrī Shaʻbān ; ishrāf Muḥammad Wāʻiẓʹzādah al-Khurāsānī.</subfield>
	</datafield>
	<datafield ind1=" " ind2=" " tag="250">
		<subfield code="6">880-02</subfield>
		<subfield code="a">al-Ṭabʻah 1.</subfield>
	</datafield>
	<datafield ind1=" " ind2=" " tag="260">
		<subfield code="6">880-03</subfield>
		<subfield code="a">Mashhad :</subfield>
		<subfield code="b">Majmaʻ al-Buḥūth al-Islāmīyah,</subfield>
		<subfield code="c">1411 [1990 or 1991]</subfield>
	</datafield>
	<datafield ind1=" " ind2=" " tag="300">
		<subfield code="a">online resource (329 p.)</subfield>
	</datafield>
	<datafield ind1=" " ind2=" " tag="500">
		<subfield code="6">880-04</subfield>
		<subfield code="a">&quot;Yaḥwī jamīʻ al-maqālāt al-ʻArabīyah allatī quddimat ilá al-Majmaʻ al-awwal li-Dirāsāt al-Iqtiṣād al-Islāmī (alladhī tawallá tabanniyahu wa-tanẓīmahu Majmaʻ al-Buḥūth al-Islāmīyah ... ) ... 6-9 Aylūl/Sibtambir, ʻām 1989 M&quot;--P. 15.</subfield>
	</datafield>
	<datafield ind1=" " ind2=" " tag="500">
		<subfield code="a">Part of the Arabic Collections Online (ACO) project, contributed by Princeton University Libraries.</subfield>
	</datafield>
	<datafield ind1=" " ind2=" " tag="504">
		<subfield code="a">Includes bibliographical references.</subfield>
	</datafield>
	<datafield ind1=" " ind2=" " tag="533">
		<subfield code="a">Electronic reproduction.</subfield>
		<subfield code="b">New York, N.Y. :</subfield>
		<subfield code="c">New York University,</subfield>
		<subfield code="d">2018.</subfield>
		<subfield code="5">NNU</subfield>
	</datafield>
	<datafield ind1=" " ind2="0" tag="650">
		<subfield code="a">Islam</subfield>
		<subfield code="x">Economic aspects</subfield>
		<subfield code="x">Congresses.</subfield>
	</datafield>
	<datafield ind1="1" ind2=" " tag="700">
		<subfield code="a">Shaban, S. S. A.</subfield>
		<subfield code="q">(Sabry S. A.)</subfield>
	</datafield>
	<datafield ind1="1" ind2=" " tag="700">
		<subfield code="6">880-05</subfield>
		<subfield code="a">Vāʻiẓʹzādah Khurāsānī, Muḥammad.</subfield>
	</datafield>
	<datafield ind1="2" ind2=" " tag="710">
		<subfield code="6">880-06</subfield>
		<subfield code="a">Majmaʻ al-Buḥūth al-Islāmīyah (Mashhad, Iran).</subfield>
		<subfield code="b">Qism al-Iqtiṣād.</subfield>
	</datafield>
	<datafield ind1="2" ind2=" " tag="710">
		<subfield code="a">Princeton University.</subfield>
		<subfield code="b">Library.</subfield>
	</datafield>
	<datafield ind1="0" ind2=" " tag="730">
		<subfield code="a">Arabic Collections Online.</subfield>
	</datafield>
	<datafield ind1="0" ind2="8" tag="776">
		<subfield code="i">Print version:</subfield>
		<subfield code="t">Majmūʻat al-abḥāth wa-al-maqālāt al-ʻArabīyah wa-al-Injilīzīyah</subfield>
		<subfield code="w">(NjP)1035665</subfield>
	</datafield>
	<datafield ind1="4" ind2="0" tag="856">
		<subfield code="u">http://hdl.handle.net/2333.1/n02v73j0</subfield>
	</datafield>
	<datafield ind1="1" ind2="0" tag="880">
		<subfield code="6">245-01</subfield>
		<subfield code="a">مجموعة الابحاث والمقالات العربية والانجليزية /</subfield>
		<subfield code="c">اعداد صبري شعبان ؛ اشراف محمد واعظزادة الخراساني.</subfield>
	</datafield>
	<datafield ind1=" " ind2=" " tag="880">
		<subfield code="6">250-02</subfield>
		<subfield code="a">الطبعة 1.</subfield>
	</datafield>
	<datafield ind1=" " ind2=" " tag="880">
		<subfield code="6">260-03</subfield>
		<subfield code="a">مشهد :</subfield>
		<subfield code="b">مجمع البحوث الاسلامية،</subfield>
		<subfield code="c">1411 [1990 or 1991]</subfield>
	</datafield>
	<datafield ind1=" " ind2=" " tag="880">
		<subfield code="6">500-04</subfield>
		<subfield code="a">&quot;يحوي جميع المقالات العربية التي قدمة الى المجمع الاول لدراسات الاقتصاد الاسلامي (الذي تولى تبنيه وتنظيمه مجمع البحوث الاسلامية ... ) ... 6-9 ايلول/سبتمبر، عام 1989 م&quot;--P. 15.</subfield>
	</datafield>
	<datafield ind1="1" ind2=" " tag="880">
		<subfield code="6">700-05</subfield>
		<subfield code="a">ڤاعظزادة خراساني، محمد.</subfield>
	</datafield>
	<datafield ind1="2" ind2=" " tag="880">
		<subfield code="6">710-06</subfield>
		<subfield code="a">مجمع البحوث الاسلامية (مشهد، ارن).</subfield>
		<subfield code="b">قسم الاقتصاد.</subfield>
	</datafield>
	<datafield ind1=" " ind2=" " tag="911">
		<subfield code="a">19960229</subfield>
	</datafield>
	<datafield ind1=" " ind2=" " tag="912">
		<subfield code="a">19990105033633.0</subfield>
	</datafield>
	<datafield ind1=" " ind2=" " tag="959">
		<subfield code="a">NNU</subfield>
		<subfield code="b">WEB</subfield>
		<subfield code="c">GENI</subfield>
		<subfield code="t">0</subfield>
		<subfield code="m">Electronic access</subfield>
		<subfield code="s">01</subfield>
	</datafield>
	<datafield ind1=" " ind2=" " tag="999">
		<subfield code="a">1035665</subfield>
		<subfield code="s">princeton_aco001091</subfield>
	</datafield>
</record>
